<?xml version="1.0" encoding="UTF-8"?><collection><record><leader>05476ntm a2200517 a 4500</leader><controlfield tag="001">012244972</controlfield><controlfield tag="003">MiAaHDL</controlfield><controlfield tag="005">20190719000000.0</controlfield><controlfield tag="006">m        d        </controlfield><controlfield tag="007">cr bn ---auaua</controlfield><controlfield tag="008">130327s1385    xx            00| ||ara d</controlfield><datafield tag="035" ind1=" " ind2=" "><subfield code="a">(MiU)012244972</subfield></datafield><datafield tag="035" ind1=" " ind2=" "><subfield code="a">sdr-miu012244972</subfield></datafield><datafield tag="040" ind1=" " ind2=" "><subfield code="a">MiU</subfield><subfield code="c">MiU</subfield><subfield code="e">amremm</subfield></datafield><datafield tag="043" ind1=" " ind2=" "><subfield code="a">n-us-mi</subfield></datafield><datafield tag="100" ind1="1" ind2=" "><subfield code="6">880-01</subfield><subfield code="a">Abharī, Amīn al-Dīn ʻAbd al-Raḥman ibn ʻUmar,</subfield><subfield code="d">-1333.</subfield></datafield><datafield tag="240" ind1="1" ind2="0"><subfield code="6">880-02</subfield><subfield code="a">Tuḥfat al-ṭullāb wa-al-aḥbāb fī ṣifat manāfiʻ al-sharāb.</subfield><subfield code="n">Juzʼ 1</subfield></datafield><datafield tag="245" ind1="1" ind2="3"><subfield code="6">880-03</subfield><subfield code="a">al-Juzʼ al-thānī min Tuḥfat al-ṭullāb wa-al-aḥbāb fī ṣifat manāfiʻ al-sharāb,</subfield><subfield code="f">[787, i.e. 1385].</subfield></datafield><datafield tag="246" ind1="3" ind2=" "><subfield code="a">Manāfiʻ al-ashribah</subfield></datafield><datafield tag="246" ind1="3" ind2=" "><subfield code="i">Title from colophon (p.18):</subfield><subfield code="a">منافع الاشربة</subfield></datafield><datafield tag="260" ind1=" " ind2=" "><subfield code="c">[1385].</subfield></datafield><datafield tag="300" ind1=" " ind2=" "><subfield code="a">9 leaves :</subfield><subfield code="b">paper ;</subfield><subfield code="c">210 x 154 (150 x 105) mm.</subfield></datafield><datafield tag="500" ind1=" " ind2=" "><subfield code="a">Shelfmark: Ann Arbor, University of Michigan, Special Collections Library, Isl. Ms. 1050</subfield></datafield><datafield tag="500" ind1=" " ind2=" "><subfield code="a">Origin: As appears in colophon on p.18, transcription apparently completed 9 Ṣafar 787 [ca. 22 March 1385].</subfield></datafield><datafield tag="500" ind1=" " ind2=" "><subfield code="a">Binding: Heavy boards covered in dark maroon leather ; Type III binding (without flap), tightback ; board linings and flyleaves in wove paper (notes, likely binder's notes, in pencil barely visible beneath board linings) ; upper and lower covers carry blind-tooled rule borders, cornerpieces and central circular ornament (outline only) ; now sewn in rose thread, seemingly over two recessed cords ; overall in good condition.</subfield></datafield><datafield tag="500" ind1=" " ind2=" "><subfield code="a">Support: non-European (likely Arab) laid paper with 8 laid lines per cm. (vertical, somewhat indistinct) and grouped chain lines (threes and possibly twos) with roughly 9-10 mm. between chains and 42-50 mm. between groups, somewhat cloudy formation, quite sturdy, medium cream to buff in color, burnished ; opening leaf possibly of different paper type ; moisture damage, tears and creases, some repairs / fills.</subfield></datafield><datafield tag="500" ind1=" " ind2=" "><subfield code="a">Decoration: Headings rubricated ; textual dividers in the form of three inverted commas.</subfield></datafield><datafield tag="500" ind1=" " ind2=" "><subfield code="a">Script: Naskh ; clear Syrian or Egyptian hand in a thin to medium line (line thickness changes) ; mainly serifless with large curvilinear descenders (some sweeping), casually pointed (tāʼ marbūṭah often unpointed) with pointing in distinct or conjoined dots, alif maqṣūrah often pointed as yāʼ, ihmāl sign on sīn, shaqq of kāf often quite horizontal, free-standing alif often terminating in a left-ward foot, final alif often with tail or spur extending below baseline.</subfield></datafield><datafield tag="500" ind1=" " ind2=" "><subfield code="a">Layout: Written in 15-16 lines per page.</subfield></datafield><datafield tag="500" ind1=" " ind2=" "><subfield code="a">Collation: i, IV+1 (9), i ; catchwords present ; foliation in black ink, Hindu-Arabic numerals ; pagination in pencil, Western numerals, supplied during cataloguing.</subfield></datafield><datafield tag="500" ind1=" " ind2=" "><subfield code="a">Colophon: "Scribal," reads "تمت منافع الاشربة في تاسع صفر سنة سبع وثمانين وسبعماية"</subfield></datafield><datafield tag="500" ind1=" " ind2=" "><subfield code="a">Explicit: "واما من اراد ان يضيف اليه حوايج فليكن رمي [؟] الحوايج عند نضج الشعير ويغلى عليات حتى تخرج قوة الادوية منه ويرفع ويستعمل مع ما يوافقه من الاشربة نافع ان شا الله تعالى"</subfield></datafield><datafield tag="500" ind1=" " ind2=" "><subfield code="a">Incipit: "بسم الله الرحمن الرحيم صفة شراب بسفايج ساذج عن طبيب مشهور بسفايج خضر المكسر طري اربع اواقى يرض وينقع في ما حار شديد الحرارة يوما وليلة ويغلي بنار هادية حتى يبقى منه مقدار ما يحل رطل سكر واوقية عسل ..."</subfield></datafield><datafield tag="500" ind1=" " ind2=" "><subfield code="a">Title from 'title page' (p.1).</subfield></datafield><datafield tag="500" ind1=" " ind2=" "><subfield code="a">Ms. codex.</subfield></datafield><datafield tag="510" ind1="4" ind2=" "><subfield code="a">Brockelmann, C. GAL,</subfield><subfield code="c">II 211</subfield></datafield><datafield tag="520" ind1=" " ind2=" "><subfield code="a">Fine, early copy of a work on potable medicaments, i.e. beverages or syrups (sharāb) attributed on the 'title page' to Amīn al-Dīn Abū Muḥammad ʻAbd al-Raḥmān ibn ʻUmar al-Sīwāsī al-Abhārī (d. 733/1333).</subfield></datafield><datafield tag="538" ind1=" " ind2=" "><subfield code="a">Mode of access: Internet.</subfield></datafield><datafield tag="541" ind1=" " ind2=" "><subfield code="c">Purchase ;</subfield><subfield code="a">Quaritch ;</subfield><subfield code="d">Received: 2013/03/27</subfield></datafield><datafield tag="546" ind1=" " ind2=" "><subfield code="a">Arabic.</subfield></datafield><datafield tag="561" ind1=" " ind2=" "><subfield code="a">Former inventory marks include "I 873" in pencil on lower board lining ; on 'title page' (p.1), note citing Ibn Bayān's (presumably Ibn Abī al-Bayān al-Isrāʼīlī, d. ca. 638/1240) al-Dustūr and in the same hand a reading / study note in the name of the physician (ṭabīb) Maḥmūd ibn Aḥmad ibn Maḥmūd al-Dimashqī (محمود بن احمد بن محمود الدمشقي), reads "الحمد لله هذا كتاب مبارك نافع باذن الله مجرب قرأت فيه واطلعت عليه وانا الطبيب الراجي عفو ربه محمود بن احمد بن محمود الدمشقي تجواز الله عنه وعن والديه وغفر لهما آمين" ; marginal correction on p.13 ; gloss on p.17.</subfield></datafield><datafield tag="650" ind1=" " ind2="0"><subfield code="a">Manuscripts, Arabic</subfield><subfield code="z">Michigan</subfield><subfield code="z">Ann Arbor.</subfield></datafield><datafield tag="650" ind1=" " ind2="0"><subfield code="a">Pharmacopoeias</subfield><subfield code="v">Early works to 1800.</subfield></datafield><datafield tag="650" ind1=" " ind2="0"><subfield code="a">Materia medica</subfield><subfield code="v">Early works to 1800.</subfield></datafield><datafield tag="650" ind1=" " ind2="0"><subfield code="a">Drugs</subfield><subfield code="v">Early works to 1800.</subfield></datafield><datafield tag="650" ind1=" " ind2="0"><subfield code="a">Medicine, Arab</subfield><subfield code="v">Formulae, receipts, prescriptions</subfield><subfield code="v">Early works to 1800.</subfield></datafield><datafield tag="880" ind1="1" ind2="2"><subfield code="6">245-03/</subfield><subfield code="a">الجزء الثاني من تحفة الطلاب والاحباب في صفة منافع الشراب،</subfield><subfield code="f">[787ه، 1385م].</subfield></datafield><datafield tag="880" ind1="1" ind2="0"><subfield code="6">240-02/</subfield><subfield code="a">تحفة الطلاب والاحباب في صفة منافع الشراب.</subfield><subfield code="n">جزء 1</subfield></datafield><datafield tag="880" ind1="1" ind2=" "><subfield code="6">100-01/</subfield><subfield code="a">ابهري، امين الدين عبد الرحمن بن عمر.</subfield></datafield><datafield tag="CID" ind1=" " ind2=" "><subfield code="a">012244972</subfield></datafield><datafield tag="DAT" ind1="0" ind2=" "><subfield code="a">20190719102642.0</subfield><subfield code="b">20190719000000.0</subfield></datafield><datafield tag="DAT" ind1="1" ind2=" "><subfield code="a">20190719090653.0</subfield><subfield code="b">2019-07-19T16:10:22Z</subfield></datafield><datafield tag="DAT" ind1="2" ind2=" "><subfield code="a">2019-02-15T19:00:02Z</subfield></datafield><datafield tag="CAT" ind1=" " ind2=" "><subfield code="a">SDR-MIU</subfield><subfield code="d">EX LIBRIS - ALEPH</subfield><subfield code="l">prepare.pl-004-008</subfield></datafield><datafield tag="FMT" ind1=" " ind2=" "><subfield code="a">BK</subfield></datafield><datafield tag="HOL" ind1=" " ind2=" "><subfield code="0">sdr-miu012244972</subfield><subfield code="a">MiU</subfield><subfield code="b">SDR</subfield><subfield code="c">MIU</subfield><subfield code="p">mdp.39015079132877</subfield><subfield code="s">MIU</subfield><subfield code="1">012244972</subfield></datafield><datafield tag="974" ind1=" " ind2=" "><subfield code="b">MIU</subfield><subfield code="c">MIU</subfield><subfield code="d">20190719</subfield><subfield code="s">lit-dlps-dc</subfield><subfield code="u">mdp.39015079132877</subfield><subfield code="y">1385</subfield><subfield code="r">pd</subfield><subfield code="q">bib</subfield><subfield code="t">non-US bib date1 &lt; 1879</subfield></datafield></record></collection>